@String(PAMI = {IEEE Trans. Pattern Anal. Mach. Intell.})
@String(IJCV = {Int. J. Comput. Vis.})
@String(CVPR= {IEEE Conf. Comput. Vis. Pattern Recog.})
@String(ICCV= {Int. Conf. Comput. Vis.})
@String(ECCV= {Eur. Conf. Comput. Vis.})
@String(NIPS= {Adv. Neural Inform. Process. Syst.})
@String(ICPR = {Int. Conf. Pattern Recog.})
@String(BMVC= {Brit. Mach. Vis. Conf.})
@String(TOG= {ACM Trans. Graph.})
@String(TIP  = {IEEE Trans. Image Process.})
@String(TVCG  = {IEEE Trans. Vis. Comput. Graph.})
@String(TMM  = {IEEE Trans. Multimedia})
@String(ACMMM= {ACM Int. Conf. Multimedia})
@String(ICME = {Int. Conf. Multimedia and Expo})
@String(ICASSP=	{ICASSP})
@String(ICIP = {IEEE Int. Conf. Image Process.})
@String(ACCV  = {ACCV})
@String(ICLR = {Int. Conf. Learn. Represent.})
@String(IJCAI = {IJCAI})
@String(PR   = {Pattern Recognition})
@String(AAAI = {AAAI})
@String(CVPRW= {IEEE Conf. Comput. Vis. Pattern Recog. Worksh.})
@String(CSVT = {IEEE Trans. Circuit Syst. Video Technol.})

@String(SPL	= {IEEE Sign. Process. Letters})
@String(VR   = {Vis. Res.})
@String(JOV	 = {J. Vis.})
@String(TVC  = {The Vis. Comput.})
@String(JCST  = {J. Comput. Sci. Tech.})
@String(CGF  = {Comput. Graph. Forum})
@String(CVM = {Computational Visual Media})


@String(PAMI  = {IEEE TPAMI})
@String(IJCV  = {IJCV})
@String(CVPR  = {CVPR})
@String(ICCV  = {ICCV})
@String(ECCV  = {ECCV})
@String(NIPS  = {NeurIPS})
@String(ICPR  = {ICPR})
@String(BMVC  =	{BMVC})
@String(TOG   = {ACM TOG})
@String(TIP   = {IEEE TIP})
@String(TVCG  = {IEEE TVCG})
@String(TCSVT = {IEEE TCSVT})
@String(TMM   =	{IEEE TMM})
@String(ACMMM = {ACM MM})
@String(ICME  =	{ICME})
@String(ICASSP=	{ICASSP})
@String(ICIP  = {ICIP})
@String(ACCV  = {ACCV})
@String(ICLR  = {ICLR})
@String(IJCAI = {IJCAI})
@String(PR = {PR})
@String(AAAI = {AAAI})
@String(CVPRW= {CVPRW})
@String(CSVT = {IEEE TCSVT})



@misc{rabie2018,
  author = {Tamer Rabie},
  title = {Digital Image Steganography: An FFT Approach},
  year = {2018},
  howpublished = {\url{https://www.researchgate.net/publication/269705199_Digital_Image_Steganography_An_FFT_Approach}}
}

@misc{mstafa2016,
  author = {Sos S. Agaian and Khaled M. Mstafa and Khaled Elleithy},
  title = {Frequency Domain Approach of Image Steganography},
  year = {2016},
  howpublished = {\url{https://www.researchgate.net/publication/309425281_Frequency_Domain_Approach_of_Image_Steganography}}
}

@misc{wikiStegano,
  author = {Wikipedia},
  title = {Steganography},
  year = {2021},
  howpublished = {\url{https://en.wikipedia.org/wiki/Steganography}}
}

@misc{youtubeStegano,
  author = {YouTube},
  title = {Digital Image Steganography},
  year = {2021},
  howpublished = {\url{https://www.youtube.com/watch?v=u_luy52v7z4}}
}

@misc{cie,
  author = {CIE Commission},
  title = {CIE Homepage},
  year = {2021},
  howpublished = {\url{http://www.cie.co.at}}
}

@misc{wikiDFT,
  author = {Wikipedia},
  title = {Discrete Fourier Transform},
  year = {2021},
  howpublished = {\url{https://en.wikipedia.org/wiki/Discrete_Fourier_transform}}
}

@misc{wikiFFT,
  author = {Wikipedia},
  title = {Fast Fourier Transform},
  year = {2021},
  howpublished = {\url{https://en.wikipedia.org/wiki/Fast_Fourier_transform}}
}
